@misc{OEF2005,
  author = "Oxford Economic Forecasting",
  title = "The impact of the express delivery industry on the global economy",
  year = 2005,
  howpublished = {\url{http://eiciindia.org/frontsite/An%20Oxford%20Economic%20Forecasting%20-%20The%20impact%20of%20the%20Express%20Delivery%20Industry%20on%20the%20global%20economy.pdf}},
  note = "Accessed on 3/6/13",
}

@misc{SA_PR,
  howpublished = {\url{http://news.van.fedex.com/SenseAware}},
  note = "Nov 2012. Accessed on 3/6/13",
  key = "SenseAware",
}

@misc{DT_PR,
  howpublished = {\url{http://www.cambridgeconsultants.com/news/pr/release/116/en}},
  note = "Feb 2013. Accessed on 3/6/13",
  key = "DropTag",
}

@misc{rs232_lib,
  author = "Teunis van Beelen",
  title = "RS-232 for Linux and Windows",
  howpublished = {\url{http://www.teuniz.net/RS-232/}},
}

@misc{rendloop,
  howpublished = {\url{http://wiki.wxwidgets.org/Making_a_render_loop}},
  key = "wxWidgets Wiki",
}

@inbook{HH,
  author="Horowitz, P. and Hill, W.",
  title="The Art of Electronics",
  publisher="Cambridge University Press",
  edition="Second",
  year=1989,
  chapter="15: measurements and signal processing",
  pages="992-993"
  }