@misc{hum_sens,
  author = "Ellsworth, J",
  title = "Read capacitive humidity sensors with two digital IO lines",
  howpublished = {\url{http://correctenergysolutions.com/electronics/cap-humidity-sensor-circuit/}},
  year = "2009",
  note = "Accessed on 13/5/13",
}